<record><leader>00000cas a22000007a 4500</leader><controlfield tag="001">16907408</controlfield><controlfield tag="008">871028d18791913pauwr ne      0    0eng d</controlfield><datafield ind1=" " ind2=" " tag="010"><subfield code="a">sn 88079277 </subfield></datafield><datafield ind1=" " ind2=" " tag="040"><subfield code="a">NPH</subfield><subfield code="b">eng</subfield><subfield code="c">NPH</subfield><subfield code="d">OCLCQ</subfield></datafield><datafield ind1=" " ind2=" " tag="042"><subfield code="a">msc</subfield></datafield><datafield ind1="0" ind2="0" tag="245"><subfield code="a">Honeybrook graphic.</subfield></datafield><datafield ind1=" " ind2=" " tag="260"><subfield code="a">Honeybrook, Pa. :</subfield><subfield code="b">Job Print. Office,</subfield><subfield code="c">1879-1913.</subfield></datafield><datafield ind1=" " ind2=" " tag="300"><subfield code="a">v. :</subfield><subfield code="b">ill. (chiefly advertisements) ;</subfield><subfield code="c">56-61 cm.</subfield></datafield><datafield ind1=" " ind2=" " tag="310"><subfield code="a">Weekly</subfield></datafield><datafield ind1="0" ind2=" " tag="362"><subfield code="a">Vol. 1, no. 1 (Feb. 15, 1879)-v. 36, no. 12 (Mar. 14, 1913).</subfield></datafield><datafield ind1=" " ind2=" " tag="500"><subfield code="a">Publisher: Jesse I. Dauman, &lt;1880&gt;.</subfield></datafield><datafield ind1=" " ind2=" " tag="500"><subfield code="a">Editor: J. Henry Long, &lt;1879-&gt;.</subfield></datafield><datafield ind1=" " ind2=" " tag="752"><subfield code="a">United States</subfield><subfield code="b">Pennsylvania</subfield><subfield code="c">Chester</subfield><subfield code="d">Honeybrook.</subfield></datafield><datafield ind1=" " ind2=" " tag="752"><subfield code="a">United States</subfield><subfield code="b">Pennsylvania</subfield><subfield code="c">Chester</subfield><subfield code="d">Honey Brook.</subfield></datafield><datafield ind1="0" ind2="0" tag="785"><subfield code="t">Weekly graphic (Honeybrook, Pa.)</subfield><subfield code="w">(OCoLC)20763902</subfield></datafield><datafield ind1="1" ind2=" " tag="029"><subfield code="a">AU@</subfield><subfield code="b">000025788644</subfield></datafield></record>